@inproceedings{blum-peled,
author = {Avrim Blum and Sariel Har-Peled and Benjamin Raichel},
title = {Sparse Approximation via Generating Point Sets},
booktitle = {Proceedings of the Twenty-Seventh Annual ACM-SIAM Symposium on Discrete Algorithms},
year      = {2016},
pages = {548-557},
}

@INPROCEEDINGS{survey,
    author = {Pankaj K. Agarwal and Sariel Har-Peled and Kasturi R. Varadarajan},
    title = {Geometric approximation via coresets},
    booktitle = {COMBINATORIAL AND COMPUTATIONAL GEOMETRY, MSRI},
    year = {2005},
    pages = {1--30},
    publisher = {University Press}
}

@Inbook{Hershberger2008,
author="Hershberger, John
and Suri, Subhash",
editor="Gudmundsson, Joachim",
title="Simplified Planar Coresets for Data Streams",
bookTitle="Algorithm Theory -- SWAT 2008: 11th Scandinavian Workshop on Algorithm Theory, Gothenburg, Sweden, July 2-4, 2008. Proceedings",
year="2008",
publisher="Springer Berlin Heidelberg",
address="Berlin, Heidelberg",
pages="5--16",
isbn="978-3-540-69903-3",
doi="10.1007/978-3-540-69903-3_3",
url="http://dx.doi.org/10.1007/978-3-540-69903-3_3"
}



@inproceedings{peled-application,
 author = {Har-Peled, Sariel and Roth, Dan and Zimak, Dav},
 title = {Maximum Margin Coresets for Active and Noise Tolerant Learning},
 booktitle = {Proceedings of the 20th International Joint Conference on Artifical Intelligence},
 series = {IJCAI'07},
 year = {2007},
 location = {Hyderabad, India},
 pages = {836--841},
 numpages = {6},
 url = {http://dl.acm.org/citation.cfm?id=1625275.1625410},
 acmid = {1625410},
 publisher = {Morgan Kaufmann Publishers Inc.},
 address = {San Francisco, CA, USA},
} 

@article{adaptivesampling,
 author = {Hershberger, John and Suri, Subhash},
 title = {Adaptive Sampling for Geometric Problems over Data Streams},
 journal = {Comput. Geom. Theory Appl.},
 issue_date = {April, 2008},
 volume = {39},
 number = {3},
 month = apr,
 year = {2008},
 issn = {0925-7721},
 pages = {191--208},
 numpages = {18},
 url = {http://dx.doi.org/10.1016/j.comgeo.2006.10.004},
 doi = {10.1016/j.comgeo.2006.10.004},
 acmid = {1326538},
 publisher = {Elsevier Science Publishers B. V.},
 address = {Amsterdam, The Netherlands, The Netherlands},
 keywords = {Convex hulls, Geometric approximations, Single-pass algorithms, Stream processing},
} 

@Inbook{Clarkson1993,
author="Clarkson, Kenneth L.",
editor="Dehne, Frank
and Sack, J{\"o}rg-R{\"u}diger
and Santoro, Nicola
and Whitesides, Sue",
title="Algorithms for polytope covering and approximation",
bookTitle="Algorithms and Data Structures: Third Workshop, WADS '93 Montr{\'e}al, Canada, August 11--13, 1993 Proceedings",
year="1993",
publisher="Springer Berlin Heidelberg",
address="Berlin, Heidelberg",
pages="246--252",
isbn="978-3-540-47918-5",
doi="10.1007/3-540-57155-8_252",
url="http://dx.doi.org/10.1007/3-540-57155-8_252"
}

@article{cvms,
 author = {Tsang, Ivor W. and Kwok, James T. and Cheung, Pak-Ming},
 title = {Core Vector Machines: Fast SVM Training on Very Large Data Sets},
 journal = {J. Mach. Learn. Res.},
 issue_date = {12/1/2005},
 volume = {6},
 month = dec,
 year = {2005},
 issn = {1532-4435},
 pages = {363--392},
 numpages = {30},
 url = {http://dl.acm.org/citation.cfm?id=1046920.1058114},
 acmid = {1058114},
 publisher = {JMLR.org},
} 

@inproceedings{icml2015_bachem15, 
   Publisher = {JMLR Workshop and Conference Proceedings}, 
   title="Coresets for Nonparametric Estimation - the Case of DP-Means", 
   Author={Bachem, Olivier and Lucic, Mario and Krause, Andreas}, 
   year="2015", 
   Booktitle="Proceedings of the 32nd International Conference on Machine Learning (ICML-15)", 
   Editor={David Blei and Francis Bach}, 
   pages="209-217", 
   url="http://jmlr.org/proceedings/papers/v37/bachem15.pdf" 
   }
   
   @inproceedings{Feldman,
 author = {Feldman, Dan and Schmidt, Melanie and Sohler, Christian},
 title = {Turning Big Data into Tiny Data: Constant-size Coresets for K-means, PCA and Projective Clustering},
 booktitle = {Proceedings of the Twenty-Fourth Annual ACM-SIAM Symposium on Discrete Algorithms},
 series = {SODA '13},
 year = {2013},
 isbn = {978-1-611972-51-1},
 location = {New Orleans, Louisiana},
 pages = {1434--1453},
 numpages = {20},
 url = {http://dl.acm.org/citation.cfm?id=2627817.2627920},
 acmid = {2627920},
 publisher = {Society for Industrial and Applied Mathematics},
 address = {Philadelphia, PA, USA},
} 


