@inproceedings{kegl,
 author = {K{\'e}gl, Bal\'{a}zs and Busa-Fekete, R\'{o}bert},
 title = {Boosting Products of Base Classifiers},
 booktitle = {Proceedings of the 26th Annual International Conference on Machine Learning},
 series = {ICML '09},
 year = {2009},
 isbn = {978-1-60558-516-1},
 location = {Montreal, Quebec, Canada},
 pages = {497--504},
 numpages = {8},
 url = {http://doi.acm.org/10.1145/1553374.1553439},
 doi = {10.1145/1553374.1553439},
 acmid = {1553439},
 publisher = {ACM},
 address = {New York, NY, USA},
} 

@ARTICLE{lecun, 
author={Y. Lecun and L. Bottou and Y. Bengio and P. Haffner}, 
journal={Proceedings of the IEEE}, 
title={Gradient-based learning applied to document recognition}, 
year={1998}, 
volume={86}, 
number={11}, 
pages={2278-2324}, 
keywords={backpropagation;convolution;multilayer perceptrons;optical character recognition;2D shape variability;GTN;back-propagation;cheque reading;complex decision surface synthesis;convolutional neural network character recognizers;document recognition;document recognition systems;field extraction;gradient based learning technique;gradient-based learning;graph transformer networks;handwritten character recognition;handwritten digit recognition task;high-dimensional patterns;language modeling;multilayer neural networks;multimodule systems;performance measure minimization;segmentation recognition;Character recognition;Feature extraction;Hidden Markov models;Machine learning;Multi-layer neural network;Neural networks;Optical character recognition software;Optical computing;Pattern recognition;Principal component analysis}, 
doi={10.1109/5.726791}, 
ISSN={0018-9219}, 
month={Nov},}

@BOOK {geom_approx_algs,
    author    = "Sariel Har-Peled",
    title     = "Geometric Approximation Algorithms",
    publisher = "American Mathematical Society",
    year      = "2011"
}

@BOOK {moitramonograph,
    author = "Ankur Moitra",
    title  = "Algorithmic Aspects of Machine Learning",
    year   = "2014"
}

@ARTICLE {gillis_survey,
    author  = "Nicolas Gillis",
    title   = "The Why and How of Nonnegative Matrix Factorization",
    journal = "Regularization, Optimization, Kernels, and Support Vector Machines",
    year    = "2014"
}

@ARTICLE{6200362, 
author={J. M. Bioucas-Dias and A. Plaza and N. Dobigeon and M. Parente and Q. Du and P. Gader and J. Chanussot}, 
journal={IEEE Journal of Selected Topics in Applied Earth Observations and Remote Sensing}, 
title={Hyperspectral Unmixing Overview: Geometrical, Statistical, and Sparse Regression-Based Approaches}, 
year={2012}, 
volume={5}, 
number={2}, 
pages={354-379}, 
keywords={cameras;electromagnetic wave scattering;geophysical image processing;regression analysis;spectral analysis;spectrometers;Imaging spectrometers;data set size;electromagnetic energy scattering;endmember variability;endmembers;environmental conditions;geometrical-based approach;hyperspectral cameras;hyperspectral unmixing overview;ill-posed inverse problem;instantaneous field view;material identification;materials spectra;mathematical problems;microscopic material mixing;mixing models;multispectral cameras;observation noise;signal-subspace unmixing algorithm;sparse regression-based approach;sparsity-based unmixing algorithm;spatial resolution;spatial-contextual unmixing algorithm;spectral channels;spectral signatures;spectroscopic analysis;statistical-based approach;unmixing tutorial;Educational institutions;Hyperspectral imaging;Mortar;Vectors;Hyperspectral imaging;hyperspectral remote sensing;image analysis;image processing;imaging spectroscopy;inverse problems;linear mixture;machine learning algorithms;nonlinear mixtures;pattern recognition;remote sensing;sparsity;spectroscopy;unmixing}, 
doi={10.1109/JSTARS.2012.2194696}, 
ISSN={1939-1404}, 
month={April},}

@article{Har-Peled:2016:SEV:2984951.2984998,
 author = {Har-Peled, Sariel and Kumar, Nirman and Mount, David M. and Raichel, Benjamin},
 title = {Space Exploration via Proximity Search},
 journal = {Discrete Comput. Geom.},
 issue_date = {September 2016},
 volume = {56},
 number = {2},
 month = sep,
 year = {2016},
 issn = {0179-5376},
 pages = {357--376},
 numpages = {20},
 url = {http://dx.doi.org/10.1007/s00454-016-9801-7},
 doi = {10.1007/s00454-016-9801-7},
 acmid = {2984998},
 publisher = {Springer-Verlag New York, Inc.},
 address = {Secaucus, NJ, USA},
 keywords = {Approximation algorithms, Clustering, Nearest neighbors},
} 

@article{Gillis:2014:RNN:2627435.2638575,
 author = {Gillis, Nicolas and Luce, Robert},
 title = {Robust Near-separable Nonnegative Matrix Factorization Using Linear Optimization},
 journal = {J. Mach. Learn. Res.},
 issue_date = {January 2014},
 volume = {15},
 number = {1},
 month = jan,
 year = {2014},
 issn = {1532-4435},
 pages = {1249--1280},
 numpages = {32},
 url = {http://dl.acm.org/citation.cfm?id=2627435.2638575},
 acmid = {2638575},
 publisher = {JMLR.org},
 keywords = {convex optimization, hyperspectral unmixing, linear programming, nonnegative matrix factorization, pure-pixel assumption, robustness to noise, separability},
} 
[download]

@article{Mairal:2010:OLM:1756006.1756008,
 author = {Mairal, Julien and Bach, Francis and Ponce, Jean and Sapiro, Guillermo},
 title = {Online Learning for Matrix Factorization and Sparse Coding},
 journal = {J. Mach. Learn. Res.},
 issue_date = {3/1/2010},
 volume = {11},
 month = mar,
 year = {2010},
 issn = {1532-4435},
 pages = {19--60},
 numpages = {42},
 url = {http://dl.acm.org/citation.cfm?id=1756006.1756008},
 acmid = {1756008},
 publisher = {JMLR.org},
} 


@inproceedings{Kolter:2010:EDV:2997189.2997318,
 author = {Kolter, J. Zico and Batra, Siddarth and Ng, Andrew Y.},
 title = {Energy Disaggregation via Discriminative Sparse Coding},
 booktitle = {Proceedings of the 23rd International Conference on Neural Information Processing Systems},
 series = {NIPS'10},
 year = {2010},
 location = {Vancouver, British Columbia, Canada},
 pages = {1153--1161},
 numpages = {9},
 url = {http://dl.acm.org/citation.cfm?id=2997189.2997318},
 acmid = {2997318},
 publisher = {Curran Associates Inc.},
 address = {USA},
} 


@inproceedings{Murphy2012LearningEA,
  title={Learning Effective and Interpretable Semantic Models using Non-Negative Sparse Embedding},
  author={Brian Murphy and Partha Pratim Talukdar and Tom M. Mitchell},
  booktitle={COLING},
  year={2012}
}

@incollection{NIPS2003_2463,
title = {When Does Non-Negative Matrix Factorization Give a Correct Decomposition into Parts?},
author = {David Donoho and Victoria Stodden},
booktitle = {Advances in Neural Information Processing Systems 16},
editor = {S. Thrun and L. K. Saul and P. B. Sch\"{o}lkopf},
pages = {1141--1148},
year = {2004},
publisher = {MIT Press},
url = {http://papers.nips.cc/paper/2463-when-does-non-negative-matrix-factorization-give-a-correct-decomposition-into-parts.pdf}
}


@incollection{NIPS2016_6417,
title = {Recovery Guarantee of Non-negative Matrix Factorization  via Alternating Updates},
author = {Li, Yuanzhi and Liang, Yingyu and Risteski, Andrej},
booktitle = {Advances in Neural Information Processing Systems 29},
editor = {D. D. Lee and M. Sugiyama and U. V. Luxburg and I. Guyon and R. Garnett},
pages = {4987--4995},
year = {2016},
publisher = {Curran Associates, Inc.},
url = {http://papers.nips.cc/paper/6417-recovery-guarantee-of-non-negative-matrix-factorization-via-alternating-updates.pdf}
}

@inproceedings{Arora:2012:CNM:2213977.2213994,
 author = {Arora, Sanjeev and Ge, Rong and Kannan, Ravindran and Moitra, Ankur},
 title = {Computing a Nonnegative Matrix Factorization -- Provably},
 booktitle = {Proceedings of the Forty-fourth Annual ACM Symposium on Theory of Computing},
 series = {STOC '12},
 year = {2012},
 isbn = {978-1-4503-1245-5},
 location = {New York, New York, USA},
 pages = {145--162},
 numpages = {18},
 url = {http://doi.acm.org/10.1145/2213977.2213994},
 doi = {10.1145/2213977.2213994},
 acmid = {2213994},
 publisher = {ACM},
 address = {New York, NY, USA},
 keywords = {data analysis, nonnegative matrix factorization, semi-algebric sets},
} 
[download]

@article{DBLP:journals/corr/AgarwalKSS17,
  author    = {Pankaj K. Agarwal and
               Nirman Kumar and
               Stavros Sintos and
               Subhash Suri},
  title     = {Efficient Algorithms for k-Regret Minimizing Sets},
  journal   = {CoRR},
  volume    = {abs/1702.01446},
  year      = {2017},
  url       = {http://arxiv.org/abs/1702.01446},
  timestamp = {Wed, 01 Mar 2017 14:26:00 +0100},
  biburl    = {http://dblp.uni-trier.de/rec/bib/journals/corr/AgarwalKSS17},
  bibsource = {dblp computer science bibliography, http://dblp.org}
}

@CONFERENCE {chansocg2016,
    author    = "Timothy M. Chan",
    title     = "Dynamic Streaming Algorithms for Îµ-Kernels",
    booktitle = "Proc. 32nd Annu. Sympos. Comput. Geom. (SoCG)",
    year      = "2016"
}

@inproceedings{Arya:2014:BOA:2582112.2582161,
 author = {Arya, Sunil and Chan, Timothy M.},
 title = {Better epsilon-Dependencies for Offline Approximate Nearest Neighbor Search, Euclidean Minimum Spanning Trees, and epsilon-Kernels},
 booktitle = {Proceedings of the Thirtieth Annual Symposium on Computational Geometry},
 series = {SOCG'14},
 year = {2014},
 isbn = {978-1-4503-2594-3},
 location = {Kyoto, Japan},
 pages = {416:416--416:425},
 articleno = {416},
 numpages = {10},
 url = {http://doi.acm.org/10.1145/2582112.2582161},
 doi = {10.1145/2582112.2582161},
 acmid = {2582161},
 publisher = {ACM},
 address = {New York, NY, USA},
 keywords = {\&epsis;-dependencies, bichromatic closest pair, coresets, minimum spanning tree, nearest neighbor},
} 

@article{Zarrabi-Zadeh:2011:ASS:1967334.1967341,
 author = {Zarrabi-Zadeh, Hamid},
 title = {An Almost Space-Optimal Streaming Algorithm for Coresets in Fixed Dimensions},
 journal = {Algorithmica},
 issue_date = {May 2011},
 volume = {60},
 number = {1},
 month = may,
 year = {2011},
 issn = {0178-4617},
 pages = {46--59},
 numpages = {14},
 url = {http://dx.doi.org/10.1007/s00453-010-9392-2},
 doi = {10.1007/s00453-010-9392-2},
 acmid = {1967341},
 publisher = {Springer-Verlag New York, Inc.},
 address = {Secaucus, NJ, USA},
 keywords = {Coresets, Data streams, Geometric optimization problems},
} 

@inproceedings{Hershberger:2004:ASG:1055558.1055595,
 author = {Hershberger, John and Suri, Subhash},
 title = {Adaptive Sampling for Geometric Problems over Data Streams},
 booktitle = {Proceedings of the Twenty-third ACM SIGMOD-SIGACT-SIGART Symposium on Principles of Database Systems},
 series = {PODS '04},
 year = {2004},
 isbn = {158113858X},
 location = {Paris, France},
 pages = {252--262},
 numpages = {11},
 url = {http://doi.acm.org/10.1145/1055558.1055595},
 doi = {10.1145/1055558.1055595},
 acmid = {1055595},
 publisher = {ACM},
 address = {New York, NY, USA},
} 

@article{BAREQUET200191,
title = "Efficiently Approximating the Minimum-Volume Bounding Box of a Point Set in Three Dimensions",
journal = "Journal of Algorithms",
volume = "38",
number = "1",
pages = "91 - 109",
year = "2001",
note = "",
issn = "0196-6774",
doi = "http://dx.doi.org/10.1006/jagm.2000.1127",
url = "http://www.sciencedirect.com/science/article/pii/S0196677400911271",
author = "Gill Barequet and Sariel Har-Peled",
keywords = "approximation",
keywords = "bounding box"
}

@CONFERENCE {aryasocg2017,
    author    = "Sunil Arya, Guilherme D. da Fonseca, David M. Mount",
    title     = "Near-Optimal Îµ-Kernel Construction and Related Problems",
    booktitle = "Proc. 33rd Annu. Sympos. Comput. Geom. (SoCG)",
    year      = "2017"
}

@CONFERENCE{timchansocg2017,
    author    = "Timothy M. Chan",
    title     = "Applications of Chebyshev Polynomials to Low-Dimensional Computational Geometry",
    booktitle = "Proc. 33rd Annu. Sympos. Comput. Geom. (SoCG)",
    year      = "2017"
}

@inproceedings{Yu:2004:PMS:997817.997858,
 author = {Yu, Hai and Agarwal, Pankaj K. and Poreddy, Raghunath and Varadarajan, Kasturi R.},
 title = {Practical Methods for Shape Fitting and Kinetic Data Structures Using Core Sets},
 booktitle = {Proceedings of the Twentieth Annual Symposium on Computational Geometry},
 series = {SCG '04},
 year = {2004},
 isbn = {1-58113-885-7},
 location = {Brooklyn, New York, USA},
 pages = {263--272},
 numpages = {10},
 url = {http://doi.acm.org/10.1145/997817.997858},
 doi = {10.1145/997817.997858},
 acmid = {997858},
 publisher = {ACM},
 address = {New York, NY, USA},
 keywords = {core sets, extent measures, kinetic data structures, shape fitting},
} 

@article{CHAN200620,
title = "Faster core-set constructions and data-stream algorithms in fixed dimensions",
journal = "Computational Geometry",
volume = "35",
number = "1",
pages = "20 - 35",
year = "2006",
note = "",
issn = "0925-7721",
doi = "http://dx.doi.org/10.1016/j.comgeo.2005.10.002",
url = "http://www.sciencedirect.com/science/article/pii/S0925772105000970",
author = "Timothy M. Chan",
keywords = "Approximation algorithms",
keywords = "Geometric optimization problems",
keywords = "Data streams"
}

@article{Bentley:1982:AAC:358315.358392,
 author = {Bentley, Jon Louis and Preparata, Franco P. and Faust, Mark G.},
 title = {Approximation Algorithms for Convex Hulls},
 journal = {Commun. ACM},
 issue_date = {Jan. 1982},
 volume = {25},
 number = {1},
 month = jan,
 year = {1982},
 issn = {0001-0782},
 pages = {64--68},
 numpages = {5},
 url = {http://doi.acm.org/10.1145/358315.358392},
 doi = {10.1145/358315.358392},
 acmid = {358392},
 publisher = {ACM},
 address = {New York, NY, USA},
 keywords = {approximation algorithms, convex hulls},
} 

@inproceedings{Har-Peled:2004:CKK:1007352.1007400,
 author = {Har-Peled, Sariel and Mazumdar, Soham},
 title = {On Coresets for K-means and K-median Clustering},
 booktitle = {Proceedings of the Thirty-sixth Annual ACM Symposium on Theory of Computing},
 series = {STOC '04},
 year = {2004},
 isbn = {1-58113-852-0},
 location = {Chicago, IL, USA},
 pages = {291--300},
 numpages = {10},
 url = {http://doi.acm.org/10.1145/1007352.1007400},
 doi = {10.1145/1007352.1007400},
 acmid = {1007400},
 publisher = {ACM},
 address = {New York, NY, USA},
 keywords = {Coreset, clustering, k-means, k-median, streaming},
} 

@inproceedings{Feldman:2011:STM:2986459.2986698,
 author = {Feldman, Dan and Faulkner, Matthew and Krause, Andreas},
 title = {Scalable Training of Mixture Models via Coresets},
 booktitle = {Proceedings of the 24th International Conference on Neural Information Processing Systems},
 series = {NIPS'11},
 year = {2011},
 isbn = {978-1-61839-599-3},
 location = {Granada, Spain},
 pages = {2142--2150},
 numpages = {9},
 url = {http://dl.acm.org/citation.cfm?id=2986459.2986698},
 acmid = {2986698},
 publisher = {Curran Associates Inc.},
 address = {USA},
} 

@INPROCEEDINGS{6907021, 
author={R. Paul and D. Feldman and D. Rus and P. Newman}, 
booktitle={2014 IEEE International Conference on Robotics and Automation (ICRA)}, 
title={Visual precis generation using coresets}, 
year={2014}, 
pages={1304-1311}, 
keywords={data compression;image coding;image representation;image resolution;mobile robots;pattern clustering;robot vision;set theory;trees (mathematics);batch setting;coresets;data preclustering;graph based incremental clustering procedure;hierarchical tree;image stream;memory-efficient incremental summary;mobile robot;multiresolution summarization;online algorithm;output visual summary;provably small approximation factor;semantic data corpus compression;semantically-important image selection;similarity metric;topic based image representation;video summary;visual experience summarization;visual precis generation;Approximation algorithms;Approximation methods;Clustering algorithms;Image coding;Robots;Streaming media;Visualization}, 
doi={10.1109/ICRA.2014.6907021}, 
ISSN={1050-4729}, 
month={May},}

@article{Agarwal:2004:AEM:1008731.1008736,
 author = {Agarwal, Pankaj K. and Har-Peled, Sariel and Varadarajan, Kasturi R.},
 title = {Approximating Extent Measures of Points},
 journal = {J. ACM},
 issue_date = {July 2004},
 volume = {51},
 number = {4},
 month = jul,
 year = {2004},
 issn = {0004-5411},
 pages = {606--635},
 numpages = {30},
 url = {http://doi.acm.org/10.1145/1008731.1008736},
 doi = {10.1145/1008731.1008736},
 acmid = {1008736},
 publisher = {ACM},
 address = {New York, NY, USA},
 keywords = {Computational geometry, approximation},
} 


@MISC{Heckbert97surveyof,
    author = {Paul S. Heckbert and Michael Garland},
    title = {Survey of Polygonal Surface Simplification Algorithms},
    year = {1997}
}

@inproceedings{blum-peled,
author = {Avrim Blum and Sariel Har-Peled and Benjamin Raichel},
title = {Sparse Approximation via Generating Point Sets},
booktitle = {Proceedings of the Twenty-Seventh Annual ACM-SIAM Symposium on Discrete Algorithms},
year      = {2016},
pages = {548-557},
}

@INPROCEEDINGS{survey,
    author = {Pankaj K. Agarwal and Sariel Har-Peled and Kasturi R. Varadarajan},
    title = {Geometric approximation via coresets},
    booktitle = {COMBINATORIAL AND COMPUTATIONAL GEOMETRY, MSRI},
    year = {2005},
    pages = {1--30},
    publisher = {University Press}
}

@Inbook{Hershberger2008,
author="Hershberger, John
and Suri, Subhash",
editor="Gudmundsson, Joachim",
title="Simplified Planar Coresets for Data Streams",
bookTitle="Algorithm Theory -- SWAT 2008: 11th Scandinavian Workshop on Algorithm Theory, Gothenburg, Sweden, July 2-4, 2008. Proceedings",
year="2008",
publisher="Springer Berlin Heidelberg",
address="Berlin, Heidelberg",
pages="5--16",
isbn="978-3-540-69903-3",
doi="10.1007/978-3-540-69903-3_3",
url="http://dx.doi.org/10.1007/978-3-540-69903-3_3"
}



@inproceedings{peled-application,
 author = {Har-Peled, Sariel and Roth, Dan and Zimak, Dav},
 title = {Maximum Margin Coresets for Active and Noise Tolerant Learning},
 booktitle = {Proceedings of the 20th International Joint Conference on Artifical Intelligence},
 series = {IJCAI'07},
 year = {2007},
 location = {Hyderabad, India},
 pages = {836--841},
 numpages = {6},
 url = {http://dl.acm.org/citation.cfm?id=1625275.1625410},
 acmid = {1625410},
 publisher = {Morgan Kaufmann Publishers Inc.},
 address = {San Francisco, CA, USA},
} 

@article{adaptivesampling,
 author = {Hershberger, John and Suri, Subhash},
 title = {Adaptive Sampling for Geometric Problems over Data Streams},
 journal = {Comput. Geom. Theory Appl.},
 issue_date = {April, 2008},
 volume = {39},
 number = {3},
 month = apr,
 year = {2008},
 issn = {0925-7721},
 pages = {191--208},
 numpages = {18},
 url = {http://dx.doi.org/10.1016/j.comgeo.2006.10.004},
 doi = {10.1016/j.comgeo.2006.10.004},
 acmid = {1326538},
 publisher = {Elsevier Science Publishers B. V.},
 address = {Amsterdam, The Netherlands, The Netherlands},
 keywords = {Convex hulls, Geometric approximations, Single-pass algorithms, Stream processing},
} 

@Inbook{Clarkson1993,
author="Clarkson, Kenneth L.",
editor="Dehne, Frank
and Sack, J{\"o}rg-R{\"u}diger
and Santoro, Nicola
and Whitesides, Sue",
title="Algorithms for polytope covering and approximation",
bookTitle="Algorithms and Data Structures: Third Workshop, WADS '93 Montr{\'e}al, Canada, August 11--13, 1993 Proceedings",
year="1993",
publisher="Springer Berlin Heidelberg",
address="Berlin, Heidelberg",
pages="246--252",
isbn="978-3-540-47918-5",
doi="10.1007/3-540-57155-8_252",
url="http://dx.doi.org/10.1007/3-540-57155-8_252"
}

@article{cvms,
 author = {Tsang, Ivor W. and Kwok, James T. and Cheung, Pak-Ming},
 title = {Core Vector Machines: Fast SVM Training on Very Large Data Sets},
 journal = {J. Mach. Learn. Res.},
 issue_date = {12/1/2005},
 volume = {6},
 month = dec,
 year = {2005},
 issn = {1532-4435},
 pages = {363--392},
 numpages = {30},
 url = {http://dl.acm.org/citation.cfm?id=1046920.1058114},
 acmid = {1058114},
 publisher = {JMLR.org},
} 

@inproceedings{icml2015_bachem15, 
   Publisher = {JMLR Workshop and Conference Proceedings}, 
   title="Coresets for Nonparametric Estimation - the Case of DP-Means", 
   Author={Bachem, Olivier and Lucic, Mario and Krause, Andreas}, 
   year="2015", 
   Booktitle="Proceedings of the 32nd International Conference on Machine Learning (ICML-15)", 
   Editor={David Blei and Francis Bach}, 
   pages="209-217", 
   url="http://jmlr.org/proceedings/papers/v37/bachem15.pdf" 
   }
   
   @inproceedings{Feldman,
 author = {Feldman, Dan and Schmidt, Melanie and Sohler, Christian},
 title = {Turning Big Data into Tiny Data: Constant-size Coresets for K-means, PCA and Projective Clustering},
 booktitle = {Proceedings of the Twenty-Fourth Annual ACM-SIAM Symposium on Discrete Algorithms},
 series = {SODA '13},
 year = {2013},
 isbn = {978-1-611972-51-1},
 location = {New Orleans, Louisiana},
 pages = {1434--1453},
 numpages = {20},
 url = {http://dl.acm.org/citation.cfm?id=2627817.2627920},
 acmid = {2627920},
 publisher = {Society for Industrial and Applied Mathematics},
 address = {Philadelphia, PA, USA},
} 

@inproceedings{kegl,
 author = {K{\'e}gl, Bal\'{a}zs and Busa-Fekete, R\'{o}bert},
 title = {Boosting Products of Base Classifiers},
 booktitle = {Proceedings of the 26th Annual International Conference on Machine Learning},
 series = {ICML '09},
 year = {2009},
 isbn = {978-1-60558-516-1},
 location = {Montreal, Quebec, Canada},
 pages = {497--504},
 numpages = {8},
 url = {http://doi.acm.org/10.1145/1553374.1553439},
 doi = {10.1145/1553374.1553439},
 acmid = {1553439},
 publisher = {ACM},
 address = {New York, NY, USA},
} 

@ARTICLE{lecun, 
author={Y. Lecun and L. Bottou and Y. Bengio and P. Haffner}, 
journal={Proceedings of the IEEE}, 
title={Gradient-based learning applied to document recognition}, 
year={1998}, 
volume={86}, 
number={11}, 
pages={2278-2324}, 
keywords={backpropagation;convolution;multilayer perceptrons;optical character recognition;2D shape variability;GTN;back-propagation;cheque reading;complex decision surface synthesis;convolutional neural network character recognizers;document recognition;document recognition systems;field extraction;gradient based learning technique;gradient-based learning;graph transformer networks;handwritten character recognition;handwritten digit recognition task;high-dimensional patterns;language modeling;multilayer neural networks;multimodule systems;performance measure minimization;segmentation recognition;Character recognition;Feature extraction;Hidden Markov models;Machine learning;Multi-layer neural network;Neural networks;Optical character recognition software;Optical computing;Pattern recognition;Principal component analysis}, 
doi={10.1109/5.726791}, 
ISSN={0018-9219}, 
month={Nov},}

@article{Kozlov1980223,
title = "The polynomial solvability of convex quadratic programming ",
journal = "\{USSR\} Computational Mathematics and Mathematical Physics ",
volume = "20",
number = "5",
pages = "223 - 228",
year = "1980",
note = "",
issn = "0041-5553",
doi = "http://dx.doi.org/10.1016/0041-5553(80)90098-1",
url = "http://www.sciencedirect.com/science/article/pii/0041555380900981",
author = "M.K. Kozlov and S.P. Tarasov and L.G. Khachiyan"
}

@Article{Chazelle1993,
author="Chazelle, Bernard",
title="An optimal convex hull algorithm in any fixed dimension",
journal="Discrete {\&} Computational Geometry",
year="1993",
volume="10",
number="4",
pages="377--409",
abstract="We present a deterministic algorithm for computing the convex hull ofn points inE                  d                 in optimalO(n logn+n                  âd/2â                ) time. Optimal solutions were previously known only in even dimension and in dimension 3. A by-product of our result is an algorithm for computing the Voronoi diagram ofn points ind-space in optimalO(n logn+n                  âd/2â                ) time.",
issn="1432-0444",
doi="10.1007/BF02573985",
url="http://dx.doi.org/10.1007/BF02573985"
}



@book{mitchell_1997, place={New York}, title={Machine Learning}, publisher={McGraw-Hill}, author={Mitchell, Tom M.}, year={1997}}

@article{blum-nmf,
  author    = {Avrim Blum and
               Sariel Har{-}Peled and
               Benjamin Raichel},
  title     = {Sparse Approximation via Generating Point Sets},
  journal   = {CoRR},
  volume    = {abs/1507.02574},
  year      = {2015},
  url       = {http://arxiv.org/abs/1507.02574},
  timestamp = {Sun, 02 Aug 2015 18:42:02 +0200},
  biburl    = {http://dblp.uni-trier.de/rec/bib/journals/corr/BlumHR15},
  bibsource = {dblp computer science bibliography, http://dblp.org}
}

@article{hoyer-nmf,
 author = {Hoyer, Patrik O.},
 title = {Non-negative Matrix Factorization with Sparseness Constraints},
 journal = {J. Mach. Learn. Res.},
 issue_date = {12/1/2004},
 volume = {5},
 month = dec,
 year = {2004},
 issn = {1532-4435},
 pages = {1457--1469},
 numpages = {13},
 url = {http://dl.acm.org/citation.cfm?id=1005332.1044709},
 acmid = {1044709},
 publisher = {JMLR.org},
} 

@article{DBLP:arora-practice,
  author    = {Sanjeev Arora and
               Rong Ge and
               Yoni Halpern and
               David M. Mimno and
               Ankur Moitra and
               David Sontag and
               Yichen Wu and
               Michael Zhu},
  title     = {A Practical Algorithm for Topic Modeling with Provable Guarantees},
  journal   = {CoRR},
  volume    = {abs/1212.4777},
  year      = {2012},
  url       = {http://arxiv.org/abs/1212.4777},
  timestamp = {Wed, 02 Jan 2013 09:49:04 +0100},
  biburl    = {http://dblp.uni-trier.de/rec/bib/journals/corr/abs-1212-4777},
  bibsource = {dblp computer science bibliography, http://dblp.org}
}

@article{DBLP:arora,
  author    = {Sanjeev Arora and
               Rong Ge and
               Ravi Kannan and
               Ankur Moitra},
  title     = {Computing a Nonnegative Matrix Factorization -- Provably},
  journal   = {CoRR},
  volume    = {abs/1111.0952},
  year      = {2011},
  url       = {http://arxiv.org/abs/1111.0952},
  timestamp = {Mon, 05 Dec 2011 18:05:15 +0100},
  biburl    = {http://dblp.uni-trier.de/rec/bib/journals/corr/abs-1111-0952},
  bibsource = {dblp computer science bibliography, http://dblp.org}
}

@article{lin-grad-optimization,
 author = {Lin, Chih-Jen},
 title = {Projected Gradient Methods for Nonnegative Matrix Factorization},
 journal = {Neural Comput.},
 issue_date = {October 2007},
 volume = {19},
 number = {10},
 month = oct,
 year = {2007},
 issn = {0899-7667},
 pages = {2756--2779},
 numpages = {24},
 url = {http://dx.doi.org/10.1162/neco.2007.19.10.2756},
 doi = {10.1162/neco.2007.19.10.2756},
 acmid = {1288865},
 publisher = {MIT Press},
 address = {Cambridge, MA, USA},
} 


@article{nmf-np-complete,
author = {Stephen A. Vavasis},
title = {On the Complexity of Nonnegative Matrix Factorization},
journal = {SIAM Journal on Optimization},
volume = {20},
number = {3},
pages = {1364-1377},
year = {2010},
doi = {10.1137/070709967},

URL = { 
        http://dx.doi.org/10.1137/070709967
    
},
eprint = { 
        http://dx.doi.org/10.1137/070709967
    
}
}

@INPROCEEDINGS{Lee00algorithmsfor,
    author = {Daniel D. Lee and H. Sebastian Seung},
    title = {Algorithms for Non-negative Matrix Factorization},
    booktitle = {In NIPS},
    year = {2000},
    pages = {556--562},
    publisher = {MIT Press}
}

@INPROCEEDINGS{Lee97unsupervisedlearning,
    author = {D. D. Lee and H.S. Seung},
    title = {Unsupervised Learning by Convex and Conic Coding},
    booktitle = {Advances in Neural Information Processing Systems 9},
    year = {1997},
    pages = {515--521},
    publisher = {MIT Press}
}

@INPROCEEDINGS{schmidt-noise, 
author={M. N. Schmidt and J. Larsen and F. T. Hsiao}, 
booktitle={2007 IEEE Workshop on Machine Learning for Signal Processing}, 
title={Wind Noise Reduction using Non-Negative Sparse Coding}, 
year={2007}, 
pages={431-436}, 
keywords={speech coding;speech recognition;telecommunication channels;nonnegative sparse coding;single-channel recording;speaker independent method;wind noise reduction;Acoustic noise;Frequency;Hidden Markov models;Low-frequency noise;Noise figure;Noise reduction;Parameter estimation;Signal to noise ratio;Source separation;Speech enhancement}, 
doi={10.1109/MLSP.2007.4414345}, 
ISSN={1551-2541}, 
month={Aug},}

@inproceedings{Berry2005,
author="Berry, Michael W.
and Browne, Murray",
title="Email Surveillance Using Non-negative Matrix Factorization",
journal="Computational {\&} Mathematical Organization Theory",
year="2005",
volume="11",
number="3",
pages="249--264",
abstract="In this study, we apply a non-negative matrix factorization approach for the extraction and detection of concepts or topics from electronic mail messages. For the publicly released Enron electronic mail collection, we encode sparse term-by-message matrices and use a low rank non-negative matrix factorization algorithm to preserve natural data non-negativity and avoid subtractive basis vector and encoding interactions present in techniques such as principal component analysis. Results in topic detection and message clustering are discussed in the context of published Enron business practices and activities, and benchmarks addressing the computational complexity of our approach are provided. The resulting basis vectors and matrix projections of this approach can be used to identify and monitor underlying semantic features (topics) and message clusters in a general or high-level way without the need to read individual electronic mail messages.",
issn="1572-9346",
doi="10.1007/s10588-005-5380-5",
url="http://dx.doi.org/10.1007/s10588-005-5380-5"
}

@inproceedings{leeseung95,
 author = {Daniel D. Lee and H. Sebastian Seung},
 title = {Learning the parts of objects by non-negative matrix factorization},
 booktitle = {Nature},
 year = {1999},
 pages = {788--791},
} 

@inproceedings{AMOFW95,
 author = {Ariola, Zena M. and Maraist, John and Odersky, Martin and Felleisen, Matthias and Wadler, Philip},
 title = {A Call-by-need Lambda Calculus},
 booktitle = {Proc. ACM SIGPLAN-SIGACT Symposium on Principles of Programming Languages (POPL)},
 year = {1995},
 pages = {233--246},
} 


@inproceedings{Moggi89,
  author    = {Eugenio Moggi},
  title     = {Computational Lambda-Calculus and Monads},
  booktitle = {Proc. Symposium on Logic in Computer Science (LICS)},
  pages     = {14--23},
  year      = {1989}
}

@article{Pippenger97,
  author    = {Nicholas Pippenger},
  title     = {Pure Versus Impure Lisp},
  journal   = {{ACM} Trans. Program. Lang. Syst.},
  volume    = {19},
  number    = {2},
  pages     = {223--238},
  year      = {1997}
}

@inproceedings{KL95,
  author    = {David J. King and
               John Launchbury},
  title     = {Structuring Depth-First Search Algorithms in Haskell},
  booktitle = {{ACM} {SIGPLAN-SIGACT} Symposium
               on Principles of Programming Languages (POPL)},
  pages     = {344--354},
  year      = {1995}
}

@inproceedings{GH90,
  author    = {Juan C. Guzm{\'{a}}n and
               Paul Hudak},
  title     = {Single-Threaded Polymorphic Lambda Calculus},
  booktitle = {Proc. Symposium on Logic in Computer Science (LICS)},
  pages     = {333--343},
  year      = {1990}
}

@article{Girard87,
  author    = {Jean{-}Yves Girard},
  title     = {Linear Logic},
  journal   = {Theor. Comput. Sci.},
  volume    = {50},
  pages     = {1--102},
  year      = {1987}
}


@inproceedings{Dietz89,
 author = {Dietz, Paul F.},
 title = {Fully Persistent Arrays (Extended Array)},
 booktitle = {Proc. Workshop on Algorithms and Data Structures (WADS)},
 year = {1989}
} 

@article{DSST89,
  author    = {James R. Driscoll and
               Neil Sarnak and
               Daniel Dominic Sleator and
               Robert Endre Tarjan},
  title     = {Making Data Structures Persistent},
  journal   = {J. Comput. Syst. Sci.},
  volume    = {38},
  number    = {1},
  year      = {1989}
}

@article{AHN88,
  author    = {Annika Aasa and
               S{\"{o}}ren Holmstr{\"{o}}m and
               Christina Nilsson},
  title     = {An Efficiency Comparison of Some Representations of Purely Functional
               Arrays},
  journal   = {{BIT}},
  volume    = {28},
  number    = {3},
  pages     = {490--503},
  year      = {1988}
}

@inproceedings{HB85,
  author    = {Paul Hudak and
               Adrienne G. Bloss},
  title     = {The Aggregate Update Problem in Functional Programming Systems},
  booktitle = {{ACM} Symposium on Principles
               of Programming Languages (POPL)},
  pages     = {300--314},
  year      = {1985}
}


@article{OW97,
 author = {O'Neill, Melissa E. and Burton, F. Warren},
 title = {A New Method for Functional Arrays},
 journal = {J. Funct. Program.},
 issue_date = {September 1997},
 volume = {7},
 number = {5},
 year = {1997}
} 

@phdthesis{oneill,
  title    = {Version Stamps for Functional Arrays and Determinacy Checking: Two Applications of Ordered Lists for Advanced Programming Languages},
  school   = {Simon Fraser University},
  author   = {Melissa Elizabeth O'Neill},
  year     = {2000},
}

@inproceedings{chuang,
 author = {Chuang, Tyng-Ruey},
 title = {Fully Persistent Arrays for Efficient Incremental Updates and Voluminous Reads},
 booktitle = {Symposium Proceedings on 4th European Symposium on Programming},
 series = {ESOP'92},
 year = {1992},
 isbn = {0-387-55253-7},
 location = {Rennes, France},
 pages = {110--129},
 numpages = {20},
 url = {http://dl.acm.org/citation.cfm?id=145055.145076},
 acmid = {145076},
 publisher = {Springer-Verlag},
 address = {London, UK, UK},
} 

@INPROCEEDINGS{Wadler90,
    author = {Philip Wadler},
    title = {Linear Types Can Change the World!},
    booktitle = {PROGRAMMING CONCEPTS AND METHODS},
    year = {1990},
    publisher = {North}
}

@inproceedings{Hudak86,
 author = {Hudak, Paul},
 title = {A Semantic Model of Reference Counting and Its Abstraction (Detailed Summary)},
 booktitle = {Proceedings of the 1986 ACM Conference on LISP and Functional Programming},
 series = {LFP '86},
 year = {1986},
 isbn = {0-89791-200-4},
 location = {Cambridge, Massachusetts, USA},
 pages = {351--363},
 numpages = {13},
 url = {http://doi.acm.org/10.1145/319838.319876},
 doi = {10.1145/319838.319876},
 acmid = {319876},
 publisher = {ACM},
 address = {New York, NY, USA},
}

@inproceedings{Wadler95,
 author = {Wadler, Philip},
 title = {Monads for Functional Programming},
 booktitle = {Advanced Functional Programming, First International Spring School on Advanced Functional Programming Techniques-Tutorial Text},
 year = {1995},
 isbn = {3-540-59451-5},
 pages = {24--52},
 numpages = {29},
 url = {http://dl.acm.org/citation.cfm?id=647698.734146},
 acmid = {734146},
 publisher = {Springer-Verlag},
 address = {London, UK, UK},
} 

@inproceedings{reynolds,
 author = {Reynolds, John C.},
 title = {Separation Logic: A Logic for Shared Mutable Data Structures},
 booktitle = {Proceedings of the 17th Annual IEEE Symposium on Logic in Computer Science},
 series = {LICS '02},
 year = {2002},
 isbn = {0-7695-1483-9},
 pages = {55--74},
 numpages = {20},
 url = {http://dl.acm.org/citation.cfm?id=645683.664578},
 acmid = {664578},
 publisher = {IEEE Computer Society},
 address = {Washington, DC, USA},
} 

@book{harper,
 author = {Harper, Professor Robert},
 title = {Practical Foundations for Programming Languages},
 year = {2012},
 isbn = {1107029570, 9781107029576},
 publisher = {Cambridge University Press},
 address = {New York, NY, USA},
} 
